@article{Ying:2004:JCP,
    author        = {Lexing Ying, George Biros, Denis Zorin},
    title         = {A kernel-independent adaptive fast multipole algorithm in two and three dimensions},
    journaltitle  = {Journal of Computational Physics},
    year          = {2004},
    volume        = {196},
    number        = {2},
    pages         = {591-626},
    doi           = {http://dx.doi.org/10.1016/j.jcp.2003.11.021}
}
