@book{borm2010efficient,
  title={Efficient numerical methods for non-local operators: H2-matrix compression, algorithms and analysis},
  author={B{\"o}rm, Steffen},
  volume={14},
  year={2010},
  publisher={European Mathematical Society}
}