@book{Kress2014,
author = {Kress, Rainer},
booktitle = {Applied Mathematical Sciences (Switzerland)},
doi = {10.1007/978-1-4614-9593-2},
file = {:home/sri/.local/share/data/Mendeley Ltd./Mendeley Desktop/Downloaded/Kress - 2014 - Linear integral equations.pdf:pdf},
isbn = {9781461495925},
issn = {2196968X},
pages = {i--412},
title = {{Linear integral equations}},
volume = {82},
year = {2014}
}
